<?xml version="1.0" encoding="UTF-8"?><record xmlns="http://www.loc.gov/MARC21/slim" xmlns:cinclude="http://apache.org/cocoon/include/1.0" xmlns:zs="http://www.loc.gov/zing/srw/">
  <leader>00744nz  a2200193n  4500</leader>
  <controlfield tag="001">n 2015251001</controlfield>
  <controlfield tag="003">DLC</controlfield>
  <controlfield tag="005">20150825020653.0</controlfield>
  <controlfield tag="008">150825n| azannaabn          |a aaa      </controlfield>
  <datafield tag="010" ind1=" " ind2=" ">
    <subfield code="a">n 2015251001</subfield>
  </datafield>
  <datafield tag="040" ind1=" " ind2=" ">
    <subfield code="a">DLC</subfield>
    <subfield code="b">eng</subfield>
    <subfield code="c">DLC</subfield>
    <subfield code="e">rda</subfield>
  </datafield>
  <datafield tag="100" ind1="1" ind2=" ">
    <subfield code="a">Sāve, Aśoka Paraśurāma</subfield>
  </datafield>
  <datafield tag="370" ind1=" " ind2=" ">
    <subfield code="e">Mumbai (India)</subfield>
    <subfield code="2">naf</subfield>
  </datafield>
  <datafield tag="372" ind1=" " ind2=" ">
    <subfield code="a">History--Research</subfield>
    <subfield code="2">lcsh</subfield>
  </datafield>
  <datafield tag="375" ind1=" " ind2=" ">
    <subfield code="a">male</subfield>
  </datafield>
  <datafield tag="377" ind1=" " ind2=" ">
    <subfield code="a">mar</subfield>
  </datafield>
  <datafield tag="400" ind1="0" ind2=" ">
    <subfield code="a">Aśoka Paraśurāma Sāve</subfield>
  </datafield>
  <datafield tag="400" ind1="1" ind2=" ">
    <subfield code="a">Save, Ashok Parashuram</subfield>
  </datafield>
  <datafield tag="670" ind1=" " ind2=" ">
    <subfield code="a">Mahikāvatīcī bakhara urpha Mumbaī-Sāshṭī-Ṭhāṇe prāntāñcā madhyayugīna itihāsa, 2014:</subfield>
    <subfield code="b">title page (Aśoka Paraśurāma Sāve) title page verso (Ashok Parashuram Save) page 23 (living in Mumbai) cover page 4 (researcher in history)</subfield>
  </datafield>
</record>